<?xml version="1.0" encoding="UTF-8" ?>
<collection xmlns:xsi="http://www.w3.org/2001/XMLSchema-instance"
    xsi:schemaLocation="http://www.loc.gov/MARC21/slim
        http://www.loc.gov/standards/marcxml/schema/MARC21slim.xsd"
    xmlns="http://www.loc.gov/MARC21/slim">
<record>
  <leader>00252cam a2200481 ia4500</leader>
  <controlfield tag="001">b12479391</controlfield>
  <controlfield tag="003">LeBAU</controlfield>
  <controlfield tag="005">20190415</controlfield>
  <controlfield tag="008">970607m19131914ua            ||0 0 ara d</controlfield>
  <datafield tag="035" ind1=" " ind2=" ">
    <subfield code="a">ocn784338847</subfield>
  </datafield>
  <datafield tag="040" ind1=" " ind2=" ">
    <subfield code="a">LEAUB</subfield>
    <subfield code="b">ara</subfield>
    <subfield code="e">rda</subfield>
    <subfield code="c">LEAUB</subfield>
    <subfield code="d">LEAUB</subfield>
  </datafield>
  <datafield tag="082" ind1="0" ind2="4">
    <subfield code="a">340.59</subfield>
    <subfield code="2">22</subfield>
  </datafield>
  <datafield tag="100" ind1="1" ind2=" ">
    <subfield code="6">880-01</subfield>
    <subfield code="a">Nafrāwī, Aḥmad ibn Ghunaym,</subfield>
    <subfield code="d">1634?-1714?</subfield>
    <subfield code="e">author.</subfield>
  </datafield>
  <datafield tag="245" ind1="1" ind2="0">
    <subfield code="6">880-02</subfield>
    <subfield code="a">Kitāb al-fawākih al-dawānī ʻalá Risālat ibn Abī Zayd al-Qayrawānī /</subfield>
    <subfield code="c">taʼlīf al-ʻallāmah al-Shaykh Aḥmad ibn Ghunaym ibn Sālim ibn Muhannā al-Nafrāwī al-Mālikī al-mutawaffá sanat 1125 Hijrīyah. Wa-bi-hāmishihi risālat ibn Abī Zayd al-Qayrawānī, wa-huwa al-Imām Abū Muḥammad ʻAbd Allāh ibn Abī Zayd ʻAbd al-Raḥmān al-Qayrawānī al-mutawaffá sanat 386.</subfield>
  </datafield>
  <datafield tag="246" ind1="3" ind2="0">
    <subfield code="6">880-03</subfield>
    <subfield code="a">Fawākih al-dawānī ʻalá Risālat ibn Abī Zayd al-Qayrawānī</subfield>
  </datafield>
  <datafield tag="250" ind1=" " ind2=" ">
    <subfield code="6">880-04</subfield>
    <subfield code="a">al-Ṭabʻah al-ūlá.</subfield>
  </datafield>
  <datafield tag="264" ind1=" " ind2="1">
    <subfield code="6">880-05</subfield>
    <subfield code="a">Miṣr :</subfield>
    <subfield code="b">Maṭbaʻat al-Saʻādah,</subfield>
    <subfield code="c">1331-1332 [H.], [1913-1914 M.]</subfield>
  </datafield>
  <datafield tag="300" ind1=" " ind2=" ">
    <subfield code="6">880-06</subfield>
    <subfield code="a">3 volumes ;</subfield>
    <subfield code="c">28 cm</subfield>
  </datafield>
  <datafield tag="336" ind1=" " ind2=" ">
    <subfield code="a">text</subfield>
    <subfield code="b">txt</subfield>
    <subfield code="2">rdacontent</subfield>
  </datafield>
  <datafield tag="337" ind1=" " ind2=" ">
    <subfield code="a">unmediated</subfield>
    <subfield code="b">n</subfield>
    <subfield code="2">rdamedia</subfield>
  </datafield>
  <datafield tag="338" ind1=" " ind2=" ">
    <subfield code="a">volume</subfield>
    <subfield code="b">nc</subfield>
    <subfield code="2">rdacarrier</subfield>
  </datafield>
  <datafield tag="500" ind1=" " ind2=" ">
    <subfield code="a">"طبع على نفقة حضرة الشيخ مضوي بن الحاج ابي بكر، صاحب المكتبة الأهلية بالخرطوم."</subfield>
  </datafield>
  <datafield tag="501" ind1=" " ind2=" ">
    <subfield code="a">تم تجليد الأجزاء الثلاثة في 2 مجلد مادي.</subfield>
  </datafield>
  <datafield tag="600" ind1="1" ind2="4">
    <subfield code="a">ابن أبي زيد القيرواني، عبد الله بن عبد الرحمن،</subfield>
    <subfield code="d">اشتهر في القرن 10.</subfield>
    <subfield code="t">الرسالة.</subfield>
  </datafield>
  <datafield tag="600" ind1="1" ind2="0">
    <subfield code="a">Ibn Abī Zayd al-Qayrawānī, ʻAbd Allāh ibn ʻAbd al-Raḥmān,</subfield>
    <subfield code="d">active 10th century.</subfield>
    <subfield code="t">Risālah.</subfield>
  </datafield>
  <datafield tag="650" ind1=" " ind2="4">
    <subfield code="a">الفقه الاسلامي</subfield>
    <subfield code="v">اعمال قديمة حتى 1800.</subfield>
  </datafield>
  <datafield tag="650" ind1=" " ind2="4">
    <subfield code="a">المذهب المالكي</subfield>
    <subfield code="v">اعمال قديمة حتى 1800.</subfield>
  </datafield>
  <datafield tag="650" ind1=" " ind2="0">
    <subfield code="a">Islamic law</subfield>
    <subfield code="v">Early works to 1800.</subfield>
  </datafield>
  <datafield tag="650" ind1=" " ind2="0">
    <subfield code="a">Malikites</subfield>
    <subfield code="v">Early works to 1800.</subfield>
  </datafield>
  <datafield tag="700" ind1="1" ind2="2">
    <subfield code="6">880-07</subfield>
    <subfield code="a">bn Abī Zayd al-Qayrawānī, ʻAbd Allāh ibn ʻAbd al-Raḥmān,</subfield>
    <subfield code="d">active 10th century.</subfield>
    <subfield code="t">Risālah.</subfield>
  </datafield>
  <datafield tag="852" ind1=" " ind2=" ">
    <subfield code="a">Jafet Library</subfield>
    <subfield code="e">American University of Beirut, Bliss Street , Beirut, Lebanon.</subfield>
  </datafield>
  <datafield tag="880" ind1="1" ind2=" ">
    <subfield code="6">100-01/(3/r</subfield>
    <subfield code="a">النفراوي، أحمد بن غنيم،</subfield>
    <subfield code="d">1634؟-1714؟</subfield>
    <subfield code="e">مؤلف. </subfield>
    <subfield code="4">aut.</subfield>
  </datafield>
  <datafield tag="880" ind1="1" ind2="0">
    <subfield code="6">245-02/(3/r</subfield>
    <subfield code="a">كتاب الفواكه الدواني على رسالة ابن ابي زيد القيرواني /</subfield>
    <subfield code="c">تأليف العلامة الشيخ أحمد بن غنيم بن سالم ابن مهنا النفراوي المالكي المتوفى سنة 1125 هجرية. وبهامشه رسالة بن أبي زيد القيرواني، وهو الإمام أبو محمد عبد الله بن أبي زيد عبد الرحمن القيرواني المتوفى سنة 386.</subfield>
  </datafield>
  <datafield tag="880" ind1="3" ind2="0">
    <subfield code="6">246-03/(3/r</subfield>
    <subfield code="a">الفواكه الدواني على رسالة ابن ابي زيد القيرواني</subfield>
  </datafield>
  <datafield tag="880" ind1=" " ind2=" ">
    <subfield code="6">250-04/(3/r</subfield>
    <subfield code="a">الطبعة الأولى.</subfield>
  </datafield>
  <datafield tag="880" ind1=" " ind2="1">
    <subfield code="6">264-05/(3/r</subfield>
    <subfield code="a">مصر :</subfield>
    <subfield code="b">مطبعة السعادة،</subfield>
    <subfield code="c">1331-1332 [هـ.]، [1913-1914 م.]</subfield>
  </datafield>
  <datafield tag="880" ind1=" " ind2=" ">
    <subfield code="6">300-06/(3/r</subfield>
    <subfield code="a">3 أجزء ؛</subfield>
    <subfield code="c">28 سم</subfield>
  </datafield>
  <datafield tag="880" ind1="1" ind2="2">
    <subfield code="6">700-07/(3/r</subfield>
    <subfield code="a">ابن أبي زيد القيرواني، عبد الله بن عبد الرحمن،</subfield>
    <subfield code="d">اشتهر في القرن 10.</subfield>
    <subfield code="t">الرسالة.</subfield>
  </datafield>
  <datafield tag="907" ind1=" " ind2=" ">
    <subfield code="a">.b12479391</subfield>
    <subfield code="b">19-05-17</subfield>
    <subfield code="c">11-05-24</subfield>
  </datafield>
  <datafield tag="907" ind1=" " ind2=" ">
    <subfield code="a">.b12479391</subfield>
    <subfield code="b">15-10-15</subfield>
    <subfield code="c">11-05-24</subfield>
  </datafield>
  <datafield tag="945" ind1=" " ind2=" ">
    <subfield code="f">J</subfield>
    <subfield code="a">340.59:I397rcA:v.1</subfield>
    <subfield code="i">01025175</subfield>
    <subfield code="j">.i12965005</subfield>
    <subfield code="l">u0503</subfield>
  </datafield>
  <datafield tag="945" ind1=" " ind2=" ">
    <subfield code="f">J</subfield>
    <subfield code="a">340.59:I397rcA:v.2-3</subfield>
    <subfield code="i">01025176</subfield>
    <subfield code="j">.i12965017</subfield>
    <subfield code="l">u0503</subfield>
  </datafield>
  <datafield tag="998" ind1=" " ind2=" ">
    <subfield code="a">u05</subfield>
    <subfield code="b">97-06-07</subfield>
    <subfield code="c">m</subfield>
    <subfield code="d">a  </subfield>
    <subfield code="e">-</subfield>
    <subfield code="f">ara</subfield>
    <subfield code="g">ua </subfield>
    <subfield code="h">0</subfield>
    <subfield code="i">2</subfield>
  </datafield>
</record>
</collection>
